% Encoding: UTF-8

@Article{于潇2012-1518-1523,
  Title                    = {互联网药品可信交易环境中主体资质审核备案模式},
  Author                   = {于潇 and 刘义 and 柴跃廷 and others},
  Journal                  = {清华大学学报(自然科学版)},
  Number                   = {11},
  Pages                    = {1518-1523},
  Volume                   = {52},
  Year                     = {2012}
}

@Book{Peebles2001-100-100,
  Title                    = {Probability, random variable, and random signal Principles and \LaTeX{}},
  Address                  = {New York},
  Author                   = {von Peebles, Jr., P. Z.},
  Edition                  = {4},
  Pages                    = {100},
  Publisher                = {McGraw-Hill},
  Year                     = {2001}
}
@Proceedings{Babu2014--,
  Title                    = {Proceedings of the second international conference on soft computing for problem solving, December 28-30, 2012},
  Address                  = {New Delhi},
  Publisher                = {Springer},
  Year                     = {2014},
  Editor                   = {Babu, B. V. and NAGAR, A. K. AND DEEP, K. and others}
}

@Article{liu_statistical_2017,
  author   = {Liu, Wenjing and Xu, Liang},
  title    = {Statistical analysis of ionospheric {TEC} anomalies before global {M} w ≥ 7.0 earthquakes using data of {CODE} {GIM}},
  journal  = {Journal of Seismology},
  year     = {2017},
  volume   = {21},
  number   = {4},
  pages    = {759--775},
  month    = jul,
  issn     = {1383-4649, 1573-157X},
  comment  = {需要加到看的文献},
  doi      = {10.1007/s10950-016-9634-0},
  language = {en},
  url      = {http://link.springer.com/10.1007/s10950-016-9634-0},
  urldate  = {2019-03-20TZ},
}


@PhdThesis{zhouGPS2015,
  langid = {中文;},
  title = {GPS电离层反演与地震—电离层效应研究},
  url = {http://kns.cnki.net/KCMS/detail/detail.aspx?dbcode=CDFD&dbname=CDFDLAST2017&filename=1016018396.nh&uid=WEEvREcwSlJHSldRa1FhdkJkVG1BSEZkQmUwd29sZVN4NWJBMktkOGw1WT0=$9A4hF_YAuvQ5obgVAqNKPCYcEjKensW4IQMovwHtwkF4VYPoHbKxJw!!&v=MDEyODZZUzdEaDFUM3FUcldNMUZyQ1VSTE9mWXVkckZ5M2dVcnpOVkYyNkdMTzVGdExGcVpFYlBJUjhlWDFMdXg=},
  institution = {{武汉大学}},
  type={[博士学位论文]},
  urldate = {2019-05-14},
  date = {2015},
  keywords = {Ionosphere,数据同化,Data assimilation,电离层,Tomography,层析,GPS,地震—电离层效应,Seismic-ionospheric effects},
  author = {周, 义炎}
}

@Mastersthesis{余勇1998--,
	title = {劲性混凝土柱抗震性能的试验研究},
	author = {余勇},
	school = {东南大学土木工程学院},
	year = {1998},
  type={[硕士学位论文]},
	location = {南京},
}

@article{wang2019grano,
  title={GRANO: Interactive graph-based root cause analysis for cloud-native distributed data platform},
  author={Wang, Hanzhang and Nguyen, Phuong and Li, Jun and Kopru, Selcuk and Zhang, Gene and Katariya, Sanjeev and Ben-Romdhane, Sami},
  journal={Proceedings of the VLDB Endowment},
  volume={12},
  number={12},
  pages={1942--1945},
  year={2019},
  publisher={VLDB Endowment}
}

@inproceedings{nie2016mining-causality-graph,
  title={Mining causality graph for automatic web-based service diagnosis},
  author={Nie, Xiaohui and Zhao, Youjian and Sui, Kaixin and Pei, Dan and Chen, Yu and Qu, Xianping},
  booktitle={2016 IEEE 35th International Performance Computing and Communications Conference (IPCCC)},
  pages={1--8},
  year={2016},
  organization={IEEE}
}

@article{qiu2020causality-mining-knowledge-graph,
  title={A causality mining and knowledge graph based method of root cause diagnosis for performance anomaly in cloud applications},
  author={Qiu, Juan and Du, Qingfeng and Yin, Kanglin and Zhang, Shuang-Li and Qian, Chongshu},
  journal={Applied Sciences},
  volume={10},
  number={6},
  pages={2166},
  year={2020},
  publisher={Multidisciplinary Digital Publishing Institute}
}

@article{breiman2001randomforest,
  title={Random forests},
  author={Breiman, Leo},
  journal={Machine learning},
  volume={45},
  number={1},
  pages={5--32},
  year={2001},
  publisher={Springer}
}

@incollection{nguyen2011pal,
  title={Pal: P ropagation-aware a nomaly l ocalization for cloud hosted distributed applications},
  author={Nguyen, Hiep and Tan, Yongmin and Gu, Xiaohui},
  booktitle={Managing Large-scale Systems via the Analysis of System Logs and the Application of Machine Learning Techniques},
  pages={1--8},
  year={2011}
}

@inproceedings{bordes2013translatingE,
  title={Translating embeddings for modeling multi-relational data},
  author={Bordes, Antoine and Usunier, Nicolas and Garcia-Duran, Alberto and Weston, Jason and Yakhnenko, Oksana},
  booktitle={Neural Information Processing Systems (NIPS)},
  pages={1--9},
  year={2013}
}

@inproceedings{bordes2012joint,
  title={Joint learning of words and meaning representations for open-text semantic parsing},
  author={Bordes, Antoine and Glorot, Xavier and Weston, Jason and Bengio, Yoshua},
  booktitle={Artificial Intelligence and Statistics},
  pages={127--135},
  year={2012},
  organization={PMLR}
}

@inproceedings{bordes2011learning,
  title={Learning structured embeddings of knowledge bases},
  author={Bordes, Antoine and Weston, Jason and Collobert, Ronan and Bengio, Yoshua},
  booktitle={Proceedings of the AAAI Conference on Artificial Intelligence},
  volume={25},
  number={1},
  year={2011}
}

@inproceedings{wang2014knowledge,
  title={Knowledge graph embedding by translating on hyperplanes},
  author={Wang, Zhen and Zhang, Jianwen and Feng, Jianlin and Chen, Zheng},
  booktitle={Proceedings of the AAAI Conference on Artificial Intelligence},
  volume={28},
  number={1},
  year={2014}
}

@inproceedings{lin2015learning,
  title={Learning entity and relation embeddings for knowledge graph completion},
  author={Lin, Yankai and Liu, Zhiyuan and Sun, Maosong and Liu, Yang and Zhu, Xuan},
  booktitle={Proceedings of the AAAI Conference on Artificial Intelligence},
  volume={29},
  number={1},
  year={2015}
}

@inproceedings{ji2015knowledge,
  title={Knowledge graph embedding via dynamic mapping matrix},
  author={Ji, Guoliang and He, Shizhu and Xu, Liheng and Liu, Kang and Zhao, Jun},
  booktitle={Proceedings of the 53rd annual meeting of the association for computational linguistics and the 7th international joint conference on natural language processing (volume 1: Long papers)},
  pages={687--696},
  year={2015}
}

@inproceedings{ji2016knowledge,
  title={Knowledge graph completion with adaptive sparse transfer matrix},
  author={Ji, Guoliang and Liu, Kang and He, Shizhu and Zhao, Jun},
  booktitle={Proceedings of the AAAI Conference on Artificial Intelligence},
  volume={30},
  number={1},
  year={2016}
}

@inproceedings{feng2016knowledge,
  title={Knowledge graph embedding by flexible translation},
  author={Feng, Jun and Huang, Minlie and Wang, Mingdong and Zhou, Mantong and Hao, Yu and Zhu, Xiaoyan},
  booktitle={Proceedings of the Fifteenth International Conference on Principles of Knowledge Representation and Reasoning},
  pages={557--560},
  year={2016}
}

@inproceedings{ou2016asymmetric,
  title={Asymmetric transitivity preserving graph embedding},
  author={Ou, Mingdong and Cui, Peng and Pei, Jian and Zhang, Ziwei and Zhu, Wenwu},
  booktitle={Proceedings of the 22nd ACM SIGKDD international conference on Knowledge discovery and data mining},
  pages={1105--1114},
  year={2016}
}

@inproceedings{jenatton2012latent,
  title={A latent factor model for highly multi-relational data},
  author={Jenatton, Rodolphe and Le Roux, Nicolas and Bordes, Antoine and Obozinski, Guillaume},
  booktitle={Advances in Neural Information Processing Systems 25 (NIPS 2012)},
  pages={3176--3184},
  year={2012}
}

@inproceedings{trouillon2016complex,
  title={Complex embeddings for simple link prediction},
  author={Trouillon, Th{\'e}o and Welbl, Johannes and Riedel, Sebastian and Gaussier, {\'E}ric and Bouchard, Guillaume},
  booktitle={International Conference on Machine Learning},
  pages={2071--2080},
  year={2016},
  organization={PMLR}
}

@inproceedings{liu2017analogical,
  title={Analogical inference for multi-relational embeddings},
  author={Liu, Hanxiao and Wu, Yuexin and Yang, Yiming},
  booktitle={International conference on machine learning},
  pages={2168--2178},
  year={2017},
  organization={PMLR}
}

@inproceedings{socher2013reasoning,
  title={Reasoning with neural tensor networks for knowledge base completion},
  author={Socher, Richard and Chen, Danqi and Manning, Christopher D and Ng, Andrew},
  booktitle={Advances in neural information processing systems},
  pages={926--934},
  year={2013},
  organization={Citeseer}
}

@inproceedings{socher2013reasoning,
  title={Reasoning with neural tensor networks for knowledge base completion},
  author={Socher, Richard and Chen, Danqi and Manning, Christopher D and Ng, Andrew},
  booktitle={Advances in neural information processing systems},
  pages={926--934},
  year={2013},
  organization={Citeseer}
}

@inproceedings{dettmers2018convolutional,
  title={Convolutional 2d knowledge graph embeddings},
  author={Dettmers, Tim and Minervini, Pasquale and Stenetorp, Pontus and Riedel, Sebastian},
  booktitle={Proceedings of the AAAI Conference on Artificial Intelligence},
  volume={32},
  number={1},
  year={2018}
}

@inproceedings{guo2015semantically,
  title={Semantically smooth knowledge graph embedding},
  author={Guo, Shu and Wang, Quan and Wang, Bin and Wang, Lihong and Guo, Li},
  booktitle={Proceedings of the 53rd Annual Meeting of the Association for Computational Linguistics and the 7th International Joint Conference on Natural Language Processing (Volume 1: Long Papers)},
  pages={84--94},
  year={2015}
}

@inproceedings{xie2016representation,
  title={Representation Learning of Knowledge Graphs with Hierarchical Types.},
  author={Xie, Ruobing and Liu, Zhiyuan and Sun, Maosong},
  booktitle={IJCAI},
  pages={2965--2971},
  year={2016}
}

@article{lin2015modeling,
  title={Modeling relation paths for representation learning of knowledge bases},
  author={Lin, Yankai and Liu, Zhiyuan and Luan, Huanbo and Sun, Maosong and Rao, Siwei and Liu, Song},
  journal={arXiv preprint arXiv:1506.00379},
  year={2015}
}

@inproceedings{socher2013reasoning,
  title={Reasoning with neural tensor networks for knowledge base completion},
  author={Socher, Richard and Chen, Danqi and Manning, Christopher D and Ng, Andrew},
  booktitle={Advances in neural information processing systems},
  pages={926--934},
  year={2013},
  organization={Citeseer}
}

@inproceedings{xie2016representation,
  title={Representation learning of knowledge graphs with entity descriptions},
  author={Xie, Ruobing and Liu, Zhiyuan and Jia, Jia and Luan, Huanbo and Sun, Maosong},
  booktitle={Proceedings of the AAAI Conference on Artificial Intelligence},
  volume={30},
  number={1},
  year={2016}
}

@inproceedings{wang2016text,
  title={Text-enhanced representation learning for knowledge graph},
  author={Wang, Zhigang and Li, Juanzi and Liu, Zhiyuan and Tang, Jie},
  booktitle={Proceedings of International Joint Conference on Artificial Intelligent (IJCAI)},
  pages={4--17},
  year={2016}
}

@article{salfner2010survey,
  title={A survey of online failure prediction methods},
  author={Salfner, Felix and Lenk, Maren and Malek, Miroslaw},
  journal={ACM Computing Surveys (CSUR)},
  volume={42},
  number={3},
  pages={1--42},
  year={2010},
  publisher={ACM New York, NY, USA}
}

@inproceedings{tan2012prepare,
  title={Prepare: Predictive performance anomaly prevention for virtualized cloud systems},
  author={Tan, Yongmin and Nguyen, Hiep and Shen, Zhiming and Gu, Xiaohui and Venkatramani, Chitra and Rajan, Deepak},
  booktitle={2012 IEEE 32nd International Conference on Distributed Computing Systems},
  pages={285--294},
  year={2012},
  organization={IEEE}
}

@inproceedings{dalmazo2013predicting,
  title={Predicting traffic in the cloud: a statistical approach},
  author={Dalmazo, Bruno Lopes and Vilela, Jo{\~a}o P and Curado, Marilia},
  booktitle={2013 International Conference on Cloud and Green Computing},
  pages={121--126},
  year={2013},
  organization={IEEE}
}

@inproceedings{sladescu2012event,
  title={Event aware workload prediction: A study using auction events},
  author={Sladescu, Matthew and Fekete, Alan and Lee, Kevin and Liu, Anna},
  booktitle={International Conference on Web Information Systems Engineering},
  pages={368--381},
  year={2012},
  organization={Springer}
}

@article{purushotham2005multi,
  title={Multi-fault diagnosis of rolling bearing elements using wavelet analysis and hidden Markov model based fault recognition},
  author={Purushotham, V and Narayanan, S and Prasad, Suryanarayana AN},
  journal={Ndt \& E International},
  volume={38},
  number={8},
  pages={654--664},
  year={2005},
  publisher={Elsevier}
}

@article{boutros2011detection,
  title={Detection and diagnosis of bearing and cutting tool faults using hidden Markov models},
  author={Boutros, Tony and Liang, Ming},
  journal={Mechanical Systems and Signal Processing},
  volume={25},
  number={6},
  pages={2102--2124},
  year={2011},
  publisher={Elsevier}
}

@article{bernstein2014containers,
  title={Containers and cloud: From lxc to docker to kubernetes},
  author={Bernstein, David},
  journal={IEEE Cloud Computing},
  volume={1},
  number={3},
  pages={81--84},
  year={2014},
  publisher={IEEE}
}

@article{yang2019integrated,
  title={An Integrated Event Summarization Approach for Complex System Management},
  author={Yang, Libo and Yang, Ning},
  journal={IEEE Transactions on Network and Service Management},
  volume={16},
  number={2},
  pages={550--562},
  year={2019},
  publisher={IEEE}
}

@article{landauer2020system,
  title={System log clustering approaches for cyber security applications: A survey},
  author={Landauer, Max and Skopik, Florian and Wurzenberger, Markus and Rauber, Andreas},
  journal={Computers \& Security},
  volume={92},
  pages={101739},
  year={2020},
  publisher={Elsevier}
}

@inproceedings{zhou2018poster,
  title={Poster: Benchmarking microservice systems for software engineering research},
  author={Zhou, Xiang and Peng, Xin and Xie, Tao and Sun, Jun and Xu, Chenjie and Ji, Chao and Zhao, Wenyun},
  booktitle={2018 IEEE/ACM 40th International Conference on Software Engineering: Companion (ICSE-Companion)},
  pages={323--324},
  year={2018},
  organization={IEEE}
}

@inproceedings{rahman2019predicting,
  title={Predicting the end-to-end tail latency of containerized microservices in the cloud},
  author={Rahman, Joy and Lama, Palden},
  booktitle={2019 IEEE International Conference on Cloud Engineering (IC2E)},
  pages={200--210},
  year={2019},
  organization={IEEE}
}

@inproceedings{heim2009relfinder,
  title={RelFinder: Revealing relationships in RDF knowledge bases},
  author={Heim, Philipp and Hellmann, Sebastian and Lehmann, Jens and Lohmann, Steffen and Stegemann, Timo},
  booktitle={International Conference on Semantic and Digital Media Technologies},
  pages={182--187},
  year={2009},
  organization={Springer}
}

@inproceedings{guo2018knowledge,
  title={Knowledge graph embedding with iterative guidance from soft rules},
  author={Guo, Shu and Wang, Quan and Wang, Lihong and Wang, Bin and Guo, Li},
  booktitle={Proceedings of the AAAI Conference on Artificial Intelligence},
  volume={32},
  number={1},
  year={2018}
}

@inproceedings{feng2016gake,
  title={GAKE: Graph aware knowledge embedding},
  author={Feng, Jun and Huang, Minlie and Yang, Yang and Zhu, Xiaoyan},
  booktitle={Proceedings of COLING 2016, the 26th International Conference on Computational Linguistics: Technical Papers},
  pages={641--651},
  year={2016}
}

@inproceedings{shi2017knowledge,
  title={Knowledge graph embedding with triple context},
  author={Shi, Jun and Gao, Huan and Qi, Guilin and Zhou, Zhangquan},
  booktitle={Proceedings of the 2017 ACM on Conference on Information and Knowledge Management},
  pages={2299--2302},
  year={2017}
}

@inproceedings{schlichtkrull2018modeling,
  title={Modeling relational data with graph convolutional networks},
  author={Schlichtkrull, Michael and Kipf, Thomas N and Bloem, Peter and Van Den Berg, Rianne and Titov, Ivan and Welling, Max},
  booktitle={European semantic web conference},
  pages={593--607},
  year={2018},
  organization={Springer}
}

@article{kipf2016semi,
  title={Semi-supervised classification with graph convolutional networks},
  author={Kipf, Thomas N and Welling, Max},
  journal={arXiv preprint arXiv:1609.02907},
  year={2016}
}

@article{duvenaud2015convolutional,
  title={Convolutional networks on graphs for learning molecular fingerprints},
  author={Duvenaud, David and Maclaurin, Dougal and Aguilera-Iparraguirre, Jorge and G{\'o}mez-Bombarelli, Rafael and Hirzel, Timothy and Aspuru-Guzik, Al{\'a}n and Adams, Ryan P},
  journal={arXiv preprint arXiv:1509.09292},
  year={2015}
}

@article{yang2014embedding,
  title={Embedding entities and relations for learning and inference in knowledge bases},
  author={Yang, Bishan and Yih, Wen-tau and He, Xiaodong and Gao, Jianfeng and Deng, Li},
  journal={arXiv preprint arXiv:1412.6575},
  year={2014}
}

@inproceedings{trouillon2016complex,
  title={Complex embeddings for simple link prediction},
  author={Trouillon, Th{\'e}o and Welbl, Johannes and Riedel, Sebastian and Gaussier, {\'E}ric and Bouchard, Guillaume},
  booktitle={International Conference on Machine Learning},
  pages={2071--2080},
  year={2016},
  organization={PMLR}
}

@article{devlin2018bert,
  title={Bert: Pre-training of deep bidirectional transformers for language understanding},
  author={Devlin, Jacob and Chang, Ming-Wei and Lee, Kenton and Toutanova, Kristina},
  journal={arXiv preprint arXiv:1810.04805},
  year={2018}
}

@article{li2020predicting,
  title={Predicting Node Failures in an Ultra-large-scale Cloud Computing Platform: an AIOps Solution},
  author={Li, Yangguang and Jiang, Zhen Ming and Li, Heng and Hassan, Ahmed E and He, Cheng and Huang, Ruirui and Zeng, Zhengda and Wang, Mian and Chen, Pinan},
  journal={ACM Transactions on Software Engineering and Methodology (TOSEM)},
  volume={29},
  number={2},
  pages={1--24},
  year={2020},
  publisher={ACM New York, NY, USA}
}

@article{gao2020task,
  title={Task failure prediction in cloud data centers using deep learning},
  author={Gao, Jiechao and Wang, Haoyu and Shen, Haiying},
  journal={IEEE Transactions on Services Computing},
  year={2020},
  publisher={IEEE}
}

@article{pitakrat2018hora,
  title={Hora: Architecture-aware online failure prediction},
  author={Pitakrat, Teerat and Okanovi{\'c}, Du{\v{s}}an and van Hoorn, Andr{\'e} and Grunske, Lars},
  journal={Journal of Systems and Software},
  volume={137},
  pages={669--685},
  year={2018},
  publisher={Elsevier}
}

@article{zhang2018prefix,
  title={Prefix: Switch failure prediction in datacenter networks},
  author={Zhang, Shenglin and Liu, Ying and Meng, Weibin and Luo, Zhiling and Bu, Jiahao and Yang, Sen and Liang, Peixian and Pei, Dan and Xu, Jun and Zhang, Yuzhi and others},
  journal={Proceedings of the ACM on Measurement and Analysis of Computing Systems},
  volume={2},
  number={1},
  pages={1--29},
  year={2018},
  publisher={ACM New York, NY, USA}
}

@article{baldoni2015line,
  title={On-line failure prediction in safety-critical systems},
  author={Baldoni, Roberto and Montanari, Luca and Rizzuto, Marco},
  journal={Future Generation Computer Systems},
  volume={45},
  pages={123--132},
  year={2015},
  publisher={Elsevier}
}

@article{xu2016health,
  title={Health status assessment and failure prediction for hard drives with recurrent neural networks},
  author={Xu, Chang and Wang, Gang and Liu, Xiaoguang and Guo, Dongdong and Liu, Tie-Yan},
  journal={IEEE Transactions on Computers},
  volume={65},
  number={11},
  pages={3502--3508},
  year={2016},
  publisher={IEEE}
}

@article{cheng2018machine,
  title={Machine health monitoring using adaptive kernel spectral clustering and deep long short-term memory recurrent neural networks},
  author={Cheng, Yiwei and Zhu, Haiping and Wu, Jun and Shao, Xinyu},
  journal={IEEE Transactions on Industrial Informatics},
  volume={15},
  number={2},
  pages={987--997},
  year={2018},
  publisher={IEEE}
}

@inproceedings{du2017deeplog,
  title={Deeplog: Anomaly detection and diagnosis from system logs through deep learning},
  author={Du, Min and Li, Feifei and Zheng, Guineng and Srikumar, Vivek},
  booktitle={Proceedings of the 2017 ACM SIGSAC Conference on Computer and Communications Security},
  pages={1285--1298},
  year={2017}
}

@inproceedings{das2018desh,
  title={Desh: deep learning for system health prediction of lead times to failure in hpc},
  author={Das, Anwesha and Mueller, Frank and Siegel, Charles and Vishnu, Abhinav},
  booktitle={Proceedings of the 27th International Symposium on High-Performance Parallel and Distributed Computing},
  pages={40--51},
  year={2018}
}

@inproceedings{islam2017predicting,
  title={Predicting application failure in cloud: A machine learning approach},
  author={Islam, Tariqul and Manivannan, Dakshnamoorthy},
  booktitle={2017 IEEE International Conference on Cognitive Computing (ICCC)},
  pages={24--31},
  year={2017},
  organization={IEEE}
}



@inproceedings{wang2014knowledge,
  title={Knowledge graph embedding by translating on hyperplanes},
  author={Wang, Zhen and Zhang, Jianwen and Feng, Jianlin and Chen, Zheng},
  booktitle={Proceedings of the AAAI Conference on Artificial Intelligence},
  volume={28},
  number={1},
  year={2014}
}

@inproceedings{lin2015learning,
  title={Learning entity and relation embeddings for knowledge graph completion},
  author={Lin, Yankai and Liu, Zhiyuan and Sun, Maosong and Liu, Yang and Zhu, Xuan},
  booktitle={Proceedings of the AAAI Conference on Artificial Intelligence},
  volume={29},
  number={1},
  year={2015}
}



@article{boettiger2015introduction,
  title={An introduction to Docker for reproducible research},
  author={Boettiger, Carl},
  journal={ACM SIGOPS Operating Systems Review},
  volume={49},
  number={1},
  pages={71--79},
  year={2015},
  publisher={ACM New York, NY, USA}
}

@inproceedings{mueen2016extracting,
  title={Extracting optimal performance from dynamic time warping},
  author={Mueen, Abdullah and Keogh, Eamonn},
  booktitle={Proceedings of the 22nd ACM SIGKDD International Conference on Knowledge Discovery and Data Mining},
  pages={2129--2130},
  year={2016}
}

@inproceedings{feng2016gake,
  title={GAKE: Graph aware knowledge embedding},
  author={Feng, Jun and Huang, Minlie and Yang, Yang and Zhu, Xiaoyan},
  booktitle={Proceedings of COLING 2016, the 26th International Conference on Computational Linguistics: Technical Papers},
  pages={641--651},
  year={2016}
}

@article{mengistu2020distributed,
  title={Distributed Microservice Tracing Systems: Open-source tracing implementation for distributed Microservices build in Spring framework},
  author={Mengistu, Daniel Mekonnen},
  year={2020}
}

@techreport{joachims1996probabilistic,
  title={A Probabilistic Analysis of the Rocchio Algorithm with TFIDF for Text Categorization.},
  author={Joachims, Thorsten},
  year={1996},
  institution={Carnegie-mellon univ pittsburgh pa dept of computer science}
}

@article{mikolov2013efficient,
  title={Efficient estimation of word representations in vector space},
  author={Mikolov, Tomas and Chen, Kai and Corrado, Greg and Dean, Jeffrey},
  journal={arXiv preprint arXiv:1301.3781},
  year={2013}
}

@article{peters2018deep,
  title={Deep contextualized word representations},
  author={Peters, Matthew E and Neumann, Mark and Iyyer, Mohit and Gardner, Matt and Clark, Christopher and Lee, Kenton and Zettlemoyer, Luke},
  journal={arXiv preprint arXiv:1802.05365},
  year={2018}
}

@article{devlin2018bert,
  title={Bert: Pre-training of deep bidirectional transformers for language understanding},
  author={Devlin, Jacob and Chang, Ming-Wei and Lee, Kenton and Toutanova, Kristina},
  journal={arXiv preprint arXiv:1810.04805},
  year={2018}
}

@article{vaswani2017attention,
  title={Attention is all you need},
  author={Vaswani, Ashish and Shazeer, Noam and Parmar, Niki and Uszkoreit, Jakob and Jones, Llion and Gomez, Aidan N and Kaiser, Lukasz and Polosukhin, Illia},
  journal={arXiv preprint arXiv:1706.03762},
  year={2017}
}